<?xml version="1.0" encoding="UTF-8" ?>
<collection xmlns:xsi="http://www.w3.org/2001/XMLSchema-instance" xsi:schemaLocation="http://www.loc.gov/MARC21/slim http://www.loc.gov/standards/marcxml/schema/MARC21slim.xsd" xmlns="http://www.loc.gov/MARC21/slim">
   <record>
      <leader>     cam a22      a 4500</leader>
      <controlfield tag="001">1015395</controlfield>
      <controlfield tag="003">COO</controlfield>
      <controlfield tag="005">20140830193556.0</controlfield>
      <controlfield tag="008">871006s1937    ua            000 0 arard</controlfield>
      <datafield tag="035" ind1=" " ind2=" ">
         <subfield code="a">(NIC)notisAEK6487</subfield>
      </datafield>
      <datafield tag="035" ind1=" " ind2=" ">
         <subfield code="a">(OCoLC)63215331</subfield>
      </datafield>
      <datafield tag="035" ind1=" " ind2=" ">
         <subfield code="a">1015395</subfield>
      </datafield>
      <datafield tag="040" ind1=" " ind2=" ">
         <subfield code="a">NIC</subfield>
         <subfield code="c">NIC</subfield>
      </datafield>
      <datafield tag="050" ind1=" " ind2="4">
         <subfield code="a">BP153.A27</subfield>
         <subfield code="b">H67;1937</subfield>
      </datafield>
      <datafield tag="100" ind1="1" ind2=" ">
         <subfield code="a">Ḥiṣnī, Taqī al-Dīn Abū Bakr ibn Muḥammad,</subfield>
         <subfield code="d">1351 or 1352-1426.</subfield>
      </datafield>
      <datafield tag="240" ind1="1" ind2="0">
         <subfield code="a">Kifāyat al-akhyār</subfield>
      </datafield>
      <datafield tag="245" ind1="1" ind2="0">
         <subfield code="a">Kifāyat al-akhyār fī ḥall Ghāyat al-ikhtiṣār /</subfield>
         <subfield code="c">taʼlīf Taqī al-Dīn Abī Bakr ibn Muḥammad al-Ḥusaynī al-Ḥiṣnī al-Dimashqī al-Shāfiʻī.</subfield>
      </datafield>
      <datafield tag="250" ind1=" " ind2=" ">
         <subfield code="a">al-Ṭabʻah 2.</subfield>
      </datafield>
      <datafield tag="260" ind1=" " ind2=" ">
         <subfield code="a">Miṣr, [Cairo] :</subfield>
         <subfield code="b">Maṭbaʻat Muṣtạtafá al-Bābī al-Ḥalabī wa-awlāduh,</subfield>
         <subfield code="c">1937.</subfield>
      </datafield>
      <datafield tag="300" ind1=" " ind2=" ">
         <subfield code="a">2 v. in l ;</subfield>
         <subfield code="c">28 cm.</subfield>
      </datafield>
      <datafield tag="500" ind1=" " ind2=" ">
         <subfield code="a">&quot;Tamtāz bi-ḍabṭ (matn Ghāyat al-ikhtiṣār lil-Aṣfahānī) wa-al-āyāt al-qurʼānīyah al-karīmah wa-al-aḥādt̄h al-sharīfah al-wāridah bi-al-Sharḥ.&quot;</subfield>
      </datafield>
      <datafield tag="600" ind1="1" ind2="0">
         <subfield code="a">Abū Shujāʻ al-Iṣfahānī, Aḥmad ibn al-Ḥusayn,</subfield>
         <subfield code="d">approximately 1042-</subfield>
         <subfield code="t">Ghāyat al-ikhtiṣār.</subfield>
      </datafield>
      <datafield tag="650" ind1=" " ind2="0">
         <subfield code="a">Islamic law</subfield>
         <subfield code="x">Early works to 1800.</subfield>
      </datafield>
      <datafield tag="650" ind1=" " ind2="0">
         <subfield code="a">Shafiites</subfield>
         <subfield code="x">Early works to 1800.</subfield>
      </datafield>
      <datafield tag="905" ind1=" " ind2=" ">
         <subfield code="a">19960813120000.0</subfield>
      </datafield>
      <datafield tag="903" ind1=" " ind2=" ">
         <subfield code="a">NYUACO</subfield>
         <subfield code="d">20141028</subfield>
         <subfield code="p">31924077149809</subfield>
      </datafield>
      <datafield tag="950" ind1=" " ind2=" ">
         <subfield code="a">+</subfield>
         <subfield code="b">BP153.A27 H67 1937</subfield>
         <subfield code="v"> </subfield>
      </datafield>
   </record>
</collection>
